@article{Jackiewicz2004389,
title = {Construction of highly stable two-step W-methods for ordinary differential equations},
journal = {J. of Comput. Appl. Math},
volume = {167},
number = {2},
pages = {389 - 403},
year = {2004},
note = "",
@issn = {0377-0427},
doi = {http://dx.doi.org/10.1016/j.cam.2003.10.007},
@url = {http://www.sciencedirect.com/science/article/pii/S0377042703009282},
author = {Z. Jackiewicz and H. Podhaisky and R. Weiner},
keywords = {Two-step W-methods},
keywords = {Stiff differential systems},
keywords = {A-stability},
keywords = {L-stability }
}

@article{PODHAISKY2005409,
title = {Rosenbrock-type ‘Peer’ two-step methods},
journal = {Appl. Numer. Math.},
volume = {53},
number = {2},
pages = {409 - 420},
year = {2005},
note = "",
@issn = {0168-9274},
doi = {http://dx.doi.org/10.1016/j.apnum.2004.08.021},
@url = {http://www.sciencedirect.com/science/article/pii/S0168927404001278},
author = {H. Podhaisky and R. Weiner and B.A. Schmitt},
keywords = {Stiff ODEs},
keywords = {Rosenbrock methods},
keywords = {General linear methods},
keywords = {Peer method}
}

@article{PODHAISKY2006374,
title = {Linearly-implicit two-step methods and their implementation in Nordsieck form},
journal = {Appl. Numer. Math.},
volume = {56},
number = {3},
pages = {374 - 387},
year = {2006},
note = "",
@issn = {0168-9274},
doi = {http://dx.doi.org/10.1016/j.apnum.2005.04.024},
@url = {http://www.sciencedirect.com/science/article/pii/S0168927405000930},
author = {H. Podhaisky and R. Weiner and B.A. Schmitt},
keywords = {Linearly-implicit two-step methods},
keywords = {Peer-method},
keywords = {General linear methods},
keywords = {Nordsieck representation}
}

@article{Novati2008,
title = {Some secant approximations for Rosenbrock W-methods},
journal = {Appl. Numer. Math.},
volume = {58},
number = {3},
pages = {195 - 211},
year = {2008},
note = "",
@issn = {0168-9274},
doi = {http://dx.doi.org/10.1016/j.apnum.2006.11.007},
@url = {http://www.sciencedirect.com/science/article/pii/S0168927406002145},
author = {Paolo Novati},
keywords = {Stiff problems},
keywords = {W-methods},
keywords = {ROW-methods},
keywords = {Broyden's update},
keywords = {Schubert's update}
}

@article{Rahunanthan2010,
title = {High-order W-methods},
journal = {J. Comput. Appl. Math.},
volume = {233},
number = {8},
pages = {1798 - 1811},
year = {2010},
note = "",
@issn = {0377-0427},
doi = {http://dx.doi.org/10.1016/j.cam.2009.09.017},
@url = {http://www.sciencedirect.com/science/article/pii/S0377042709006396},
author = {Arunasalam Rahunanthan and Dan Stanescu},
keywords = {Stiff ODEs},
keywords = {High order},
keywords = {Rosenbrock methods},
keywords = {W -methods }
}

@article{steihaug1979attempt,
  title={An attempt to avoid exact Jacobian and nonlinear equations in the numerical solution of stiff differential equations},
  author={Steihaug, Trond and Wolfbrandt, Arne},
  journal={Math. Comput.},
  volume={33},
  number={146},
  pages={521--534},
  year={1979}
}

@book{wanner1991solving,
	Author = {Wanner, G and Hairer, E},
	Doi = {10.1007/978-3-642-05221-7},
	Edition = {2},
	Publisher = {Springer-Verlag, Berlin},
	Title = {Solving ordinary differential equations II},
	Year = {1996},
	Bdsk-Url-1 = {http://dx.doi.org/10.1007/978-3-642-05221-7}}

@misc{yu2009,
title = {Rosenbrock Methods},
year = {2009},
howpublished = {\url{http://www.cfm.brown.edu/people/jansh/page5/page10/page40/assets/Yu_Talk.pdf}}
}

@article{Schmitt2005b,
author={Schmitt, Bernhard A. and Weiner, R{\"u}diger and Podhaisky, Helmut},
title={Multi-Implicit Peer Two-Step W-Methods for Parallel Time Integration},
journal={BIT Numer. Math.},
year={2005},
volume={45},
number={1},
pages={197--217},
@abstract={Peer two-step W-methods are designed for integration of stiff initial value problems with parallelism across the method. The essential feature is that in each time step s `peer' approximations are employed having similar properties. In fact, no primary solution variable is distinguished. Parallel implementation of these stages is easy since information from one previous time step is used only and the different linear systems may be solved simultaneously. This paper introduces a subclass having order s−1 where optimal damping for stiff problems is obtained by using different system parameters in different stages. Favourable properties of this subclass are uniform stability for realistic stepsize sequences and a superconvergence property which is proved using a polynomial collocation formulation. Numerical tests on a shared memory computer of a matrix-free implementation with Krylov methods are included.},
@issn={1572-9125},
doi={10.1007/s10543-005-2635-y},
@url={http://dx.doi.org/10.1007/s10543-005-2635-y}
}

@article{Schmitt:2005,
title = {Implicit parallel peer methods for stiff initial value problems},
journal = {Appl. Numer. Math.},
volume = {53},
number = {2},
pages = {457 - 470},
year = {2005},
note = "",
issn = {0168-9274},
doi = {http://dx.doi.org/10.1016/j.apnum.2004.08.019},
@url = {http://www.sciencedirect.com/science/article/pii/S0168927404001357},
author = {B.A. Schmitt and R. Weiner and K. Erdmann},
keywords = {Parallel methods for stiff ODEs},
keywords = {Peer methods},
keywords = {Singularly perturbed problems}
}


@article{Schmitt:2004,
author = {Bernhard A. Schmitt and Rüdiger Weiner},
title = {Parallel Two-Step W-Methods with Peer Variables},
journal = {SIAM J. Numer. Anal.},
volume = {42},
number = {1},
pages = {265-282},
year = {2004},
doi = {10.1137/S0036142902411057},
@URL = { 
        http://dx.doi.org/10.1137/S0036142902411057
    
},
@eprint = { 
        http://dx.doi.org/10.1137/S0036142902411057    
}

}

@article{Stone:2013aa,
	Author = {Stone, Christopher P and Davis, Roger L},
	Date-Modified = {2016-03-12 21:18:18 +0000},
	doi = {10.2514/1.B34874},
	Journal = {J. Propul. Power},
	Number = {4},
	Pages = {764--773},
	title = {Techniques for solving stiff chemical kinetics on graphical processing units},
	Volume = {29},
	Year = {2013}}

@article{Murray:2012,
 author = {Murray, Lawrence},
 title = {{GPU} Acceleration of Runge-Kutta Integrators},
 journal = {IEEE Trans. Parallel Distrib. Syst.},
 issue_date = {January 2012},
 volume = {23},
 number = {1},
 month = {Jan.},
 year = {2012},
 issn = {1045-9219},
 pages = {94--101},
 numpages = {8},
 @url = {http://dx.doi.org/10.1109/TPDS.2011.61},
 doi = {10.1109/TPDS.2011.61},
 @acmid = {2086506},
 publisher = {IEEE Press},
 address = {Piscataway, NJ, USA},
 keywords = {Ordinary differential equations, initial value problems, Runge-Kutta integration, graphics hardware, GPGPU.},
}

@inproceedings{Linford:2009,
  title={Chemical kinetics on multi-core SIMD architectures},
  author={Linford, John C and Sandu, Adrian},
  booktitle={Proc. 9th Int. Conf. Comput. Sci.},
  year={2009}
}

@article{Linford:2011, 
author={J. C. Linford and J. Michalakes and M. Vachharajani and A. Sandu}, 
journal={IEEE Trans. Parallel Distrib. Syst.}, 
title={Automatic Generation of Multicore Chemical Kernels}, 
year={2011}, 
volume={22}, 
number={1}, 
pages={119-131}, 
@keywords={atmospheric chemistry;chemistry computing;environmental science computing;microprocessor chips;multiprocessing systems;parallel architectures;program compilers;reaction kinetics;software tools;CMAQ;CUDA;Intel Quad-Core Xeon CPUs;KPPA;NVIDIA GPU;WRF-Chem;automatic generation;cell broadband engine;chemical kinetics kernel;code generation tool;community multiscale air quality model;kinetics preprocessor accelerated;multicore architecture;multicore chemical kernel;Atmospheric modeling;Chemical analysis;Chemistry;Computational modeling;Computer architecture;Engines;Kernel;Kinetic theory;Meteorology;Predictive models;CMAQ.;Cell Broadband Engine;KPPA;Kinetics PreProcessor;NVIDIA CUDA;OpenMP;WRF-Chem;atmospheric modeling;chemical kinetics;multicore}, 
doi={10.1109/TPDS.2010.106}, 
@ISSN={1045-9219}, 
month={Jan},}

@article{Kroshko:2013,
title = {Efficient {SIMD} solution of multiple systems of stiff {IVPs}},
journal = {J. Comput. Sci.},
volume = {4},
number = {5},
pages = {377 - 385},
year = {2013},
note = "",
issn = {1877-7503},
doi = {http://dx.doi.org/10.1016/j.jocs.2012.08.017},
@url = {http://www.sciencedirect.com/science/article/pii/S1877750312001068},
author = {Andrew Kroshko and Raymond J. Spiteri},
}

@ARTICLE{Stone:2016,
   author = {{Stone}, C.~P. and {Alferman}, A.~T. and {Niemeyer}, K.~E.},
    title = {Accelerating finite-rate chemical kinetics with coprocessors: comparing vectorization methods on {GPUs}, {MICs}, and {CPUs}},
  journal = {ArXiv e-prints},
   eprint = {1608.05794},
 keywords = {Physics - Computational Physics, Computer Science - Distributed, Parallel, and Cluster Computing, Physics - Chemical Physics, 80A32 (Primary) 80A30, 65L04, 65L06 (Secondary)},
     year = 2016,
    month = {Aug},
   adsurl = {http://adsabs.harvard.edu/abs/2016arXiv160805794S},
  adsnote = {Provided by the SAO/NASA Astrophysics Data System}
}

@inproceedings{Klockner:2014,
 author = {Kl\"{o}ckner, Andreas},
 title = {Loo.Py: Transformation-based Code Generation for GPUs and CPUs},
 booktitle = {Proc. ACM SIGPLAN Int. Workshop Libr., Lang., Compil. Array Program.},
 series = {ARRAY'14},
 year = {2014},
 @isbn = {978-1-4503-2937-8},
 location = {Edinburgh, United Kingdom},
 pages = {82:82--82:87},
 articleno = {82},
 numpages = {6},
 @url = {http://doi.acm.org/10.1145/2627373.2627387},
 doi = {10.1145/2627373.2627387},
 @acmid = {2627387},
 publisher = {ACM},
 address = {New York, NY, USA},
 keywords = {Code generation, GPU, data layout, embedded language, high-level language, high-performance, vectorization},
}

@article{Stone:2010, 
author={J. E. Stone and D. Gohara and G. Shi}, 
journal={Comput. Sci. Eng.}, 
title={OpenCL: A Parallel Programming Standard for Heterogeneous Computing Systems}, 
year={2010}, 
volume={12}, 
number={3}, 
pages={66-73}, 
keywords={application program interfaces;computer graphic equipment;coprocessors;parallel programming;API;GPU;OpenCL standard;computational devices;heterogeneous computing systems;multicore CPU;parallel programming standard;program execution;Computer architecture;Computer interfaces;Concurrent computing;Hardware;High performance computing;Kernel;Microprocessors;Parallel programming;Runtime;Software standards}, 
doi={10.1109/MCSE.2010.69}, 
@ISSN={1521-9615}, 
month={May},}

@misc{Simdfig:2016,
        Author = {Vadikus},
        Title = {SIMD2},
        url = {https://commons.wikimedia.org/wiki/File:SIMD2.svg},
        Year = {2016}}
        
@article{Mehl:2011cn,
        Author = {Mehl, Marco and Pitz, William J and Westbrook, Charles K and Curran, Henry J},
        Date-Added = {2015-08-26 04:25:23 +0000},
        Date-Modified = {2015-12-02 09:31:51 +0000},
        doi = {10.1016/j.proci.2010.05.027},
        Title = {Kinetic modeling of gasoline surrogate components and mixtures under engine conditions},
        @Bdsk-Url-1 = {http://dx.doi.org/10.1016/j.proci.2010.05.027},
        Journal = {Proc. Combust. Inst.},
        Number = {1},
        Pages = {193--200},
        Volume = {33},
        Year = {2011}}

@article{Naik2011434,
        journal = {Combust. Flame},
        volume = {158},
        number = {3},
        pages = {434--445},
        year = {2011},
        author = {Chitralkumar V. Naik and Karthik V. Puduppakkam and Abhijit Modak and Ellen Meeks and Yang L. Wang and Qiyao Feng and Theodore T. Tsotsis},
        doi = {10.1016/j.combustflame.2010.09.016},
        title = {Detailed chemical kinetic mechanism for surrogates of alternative jet fuels},
}

@article{Lu:2009gh,
	Author = {Lu, Tianfeng and Law, Chung K},
	Date-Added = {2015-04-07 06:23:08 +0000},
	Date-Modified = {2015-04-07 06:23:08 +0000},
	doi = {10.1016/j.pecs.2008.10.002},
	Journal = {Prog. Energy Comb. Sci.},
	Number = {2},
	Pages = {192--215},
	Volume = {35},
	Year = {2009},
	title = {Toward accommodating realistic fuel chemistry in large-scale computations},
	@Bdsk-Url-1 = {http://dx.doi.org/10.1016/j.pecs.2008.10.002}
	}	

@article{Knio:1999,
	title = {A Semi-implicit Numerical Scheme for Reacting Flow},
	journal = {J. Comput. Phys.},
	volume = {154},
	number = {2},
	pages = {428 - 467},
	year = {1999},
	@issn = {0021-9991},
	doi = {http://dx.doi.org/10.1006/jcph.1999.6322},
	@url = {http://www.sciencedirect.com/science/article/pii/S0021999199963222},
	author = {Omar M Knio and Habib N Najm and Peter S Wyckoff}
}

@article{Ren:2008,
title = {Second-order splitting schemes for a class of reactive systems},
journal = {J. Comp. Phys.},
volume = {227},
number = {17},
pages = {8165 - 8176},
year = {2008},
@issn = {0021-9991},
doi = {http://dx.doi.org/10.1016/j.jcp.2008.05.019},
@url = {http://www.sciencedirect.com/science/article/pii/S0021999108003057},
author = {Zhuyin Ren and Stephen B. Pope},
}

@article{Gao2015287,
title = {A dynamic adaptive method for hybrid integration of stiff chemistry},
journal = {Combust. Flame},
volume = {162},
number = {2},
pages = {287 - 295},
year = {2015},
@note = "",
@issn = {0010-2180},
doi = {http://dx.doi.org/10.1016/j.combustflame.2014.07.023},
@url = {http://www.sciencedirect.com/science/article/pii/S0010218014002272},
author = {Yang Gao and Yufeng Liu and Zhuyin Ren and Tianfeng Lu},
}

@ARTICLE{2014NiemeyerGPU,
author = {{Niemeyer}, K.~E. and {Sung}, C.-J.},
title = {Accelerating moderately stiff chemical kinetics in reactive-flow simulations using GPUs},
journal = {J. Comp. Pys.},
@archivePrefix = "arXiv",
@eprint = {1309.2710},
@primaryClass = "physics.comp-ph",
year = {2014},
month = {Jan},
volume = {256},
pages = {854-871},
doi = {10.1016/j.jcp.2013.09.025},
@adsurl = {http://adsabs.harvard.edu/abs/2014JCoPh.256..854N},
@adsnote = {Provided by the SAO/NASA Astrophysics Data System}
}

@article{kodavasal2016development,
title={Development of a Stiffness-Based Chemistry Load Balancing Scheme, and Optimization of Input/Output and Communication, to Enable Massively Parallel High-Fidelity Internal Combustion Engine Simulations},
author={Kodavasal, Janardhan and Harms, Kevin and Srivastava, Priyesh and Som, Sibendu and Quan, Shaoping and Richards, Keith and Garc\'{i}a, Marta},
journal={J. Energy Resour. Technol.},
volume={138},
number={5},
pages={052203},
year={2016},
publisher={American Society of Mechanical Engineers}
}

@Article{StarPU,
author = {C{\'e}dric Augonnet and Samuel Thibault and Raymond Namyst and Pierre-Andr{\'e} Wacrenier},
title = {{StarPU: A Unified Platform for Task Scheduling on Heterogeneous Multicore Architectures}},
journal = {Concurr. and Comput.: Pract. and Exp., Special Issue: Euro-Par 2009},
volume = 23,
issue = 2,
pages = {187--198},
year = 2011,
month = {Feb},
publisher = {John Wiley & Sons, Ltd.},
doi = {10.1002/cpe.1631},
@url = {http://hal.inria.fr/inria-00550877},
@pdf = {http://hal.inria.fr/inria-00550877/document},
KEYWORDS = {General Presentations,StarPU}
}

@article{lindholm2008nvidia,
title={{NVIDIA} Tesla: A unified graphics and computing architecture},
author={Lindholm, Erik and Nickolls, John and Oberman, Stuart and Montrym, John},
journal={IEEE micro},
volume={28},
number={2},
year={2008},
publisher={IEEE}
}

 
@inproceedings{Shi2009,
author={Yu Shi and Sage L. Kokjohn and Hai-Wen Ge and Rolf D. Reitz},
journal={},
publisher={SAE Int.},
title={Efficient Multidimensional Simulation of HCCI and DI Engine Combustion with Detailed Chemistry},
booktitle={SAE Tech. Pap.},
year={2009},
month={04},
volume={},
doi={10.4271/2009-01-0701}
} 

 
@inproceedings{Flowers2006,
author={Daniel L. Flowers and Salvador M. Aceves and Aristotelis Babajimopoulos},
journal={}, 
publisher={SAE Int.},
title={Effect of Charge Non-uniformity on Heat Release and Emissions in PCCI Engine Combustion},
booktitle={SAE Tech. Pap.},
year={2006},
month={04},
volume={},
doi={10.4271/2006-01-1363}
} 
 