@inproceedings{sjunnesson1991validation,
  title={Validation rig - A tool for flame studies},
  author={Sjunnesson, A and Olovsson, S and Sjoblom, B},
  booktitle={International Symposium on Air Breathing Engines, 10th, Nottingham, England},
  pages={385--393},
  year={1991}
}
@article{curtis2017investigation,
  title={An investigation of GPU-based stiff chemical kinetics integration methods},
  author={Curtis, Nicholas J and Niemeyer, Kyle E and Sung, Chih-Jen},
  journal={Combustion and Flame},
  volume={179},
  pages={312--324},
  year={2017},
  publisher={Elsevier}
}
@ARTICLE{2018arXiv180901029C,
   author = {{Curtis}, N.~J. and {Niemeyer}, K.~E. and {Sung}, C.-J.},
    title = {Using {SIMD} and {SIMT} vectorization to evaluate sparse chemical kinetic {Jacobian} matrices and thermochemical source terms},
  journal = {ArXiv e-prints},
archivePrefix = {arXiv},
   eprint = {1809.01029},
 primaryClass = {physics.comp-ph},
 keywords = {Physics - Computational Physics, Computer Science - Distributed, Parallel, and Cluster Computing, Physics - Chemical Physics},
     year = 2018,
    month = {Sep},
   adsurl = {http://adsabs.harvard.edu/abs/2018arXiv180901029C},
  adsnote = {Provided by the SAO/NASA Astrophysics Data System}
}

@article{Niemeyer:2016aa,
	Author = {Niemeyer, Kyle E and Curtis, N J and Sung, C J},
	Month = {Feb},
	journal = {Comput. Phys. Comm.},
        doi = {10.1016/j.cpc.2017.02.004},
	volume = 215,
	pages = {188--203},
	title = {\texttt{pyJac}: analytical {Jacobian} generator for chemical kinetics},
	Year = 2017}
	
@article{SAMIMIABIANEH20161297,
title = {Determination of modeled luminosity-based and pressure-based ignition delay times of turbulent spray combustion},
journal = {International Journal of Heat and Mass Transfer},
volume = {103},
pages = {1297 - 1312},
year = {2016},
issn = {0017-9310},
doi = {https://doi.org/10.1016/j.ijheatmasstransfer.2016.06.067},
url = {http://www.sciencedirect.com/science/article/pii/S0017931016301259},
author = {O. Samimi Abianeh and N. Curtis and Chih-Jen Sung},
keywords = {Turbulent spray combustion, n-Dodecane fuel, Hydroperoxyalkyl, Hydroxyl, Large Eddy Simulation of turbulence, Pressure-based ignition delay, Luminosity-based ignition delay}
}

@article{sjunnesson1991lda,
  title={LDA measurements of velocities and turbulence in a bluff body stabilized flame},
  author={Sjunnesson, A and Nelsson, C and Max, E},
  journal={Laser Anemometry},
  volume={3},
  pages={83--90},
  year={1991}
}

@article{STONE201818,
title = {Accelerating finite-rate chemical kinetics with coprocessors: Comparing vectorization methods on GPUs, MICs, and CPUs},
journal = {Computer Physics Communications},
volume = {226},
pages = {18 - 29},
year = {2018},
issn = {0010-4655},
doi = {https://doi.org/10.1016/j.cpc.2018.01.015},
url = {http://www.sciencedirect.com/science/article/pii/S0010465518300286},
author = {Christopher P. Stone and Andrew T. Alferman and Kyle E. Niemeyer},
keywords = {Chemical kinetics, Integration algorithms, Stiff ODEs, SIMD, GPU}
}